<?xml version="1.0" encoding="UTF-8"?><collection xmlns="http://www.loc.gov/MARC21/slim"><record><leader>00435nam--2200133-i-4500</leader><controlfield tag="001">000003672</controlfield><controlfield tag="002">20161230</controlfield><controlfield tag="005">20161230201025</controlfield><controlfield tag="008">060222s1000------------r-----000-0-eng-d</controlfield><datafield ind1=" " ind2=" " tag="100"><subfield code="a">Arnold, Kurt</subfield></datafield><datafield ind1=" " ind2=" " tag="245"><subfield code="a">Die ausgleichung gitterformiger traingula- tionssysteme nach der abgekurzten eggen schen verfahren</subfield></datafield><datafield ind1=" " ind2=" " tag="260"><subfield code="a">Berlin, Akademie, 1956 24 P. + 19 Planse</subfield></datafield><datafield ind1=" " ind2=" " tag="490"><subfield code="a">Deutsche Akademie Der Wissensschaften Zu Berlin</subfield></datafield><datafield ind1=" " ind2=" " tag="852"><subfield code="a">4811</subfield></datafield></record></collection>